@book{IEEEStaff20122012Systems,
    title = {{2012 IEEE/RSJ International Conference on Intelligent Robots and Systems}},
    year = {2012},
    author = {IEEE Staff, .},
    publisher = {IEEE},
    isbn = {9781467317368}
}

@article{Rengifo2009ARobots,
    title = {{A penalty-based approach for contact forces computation in bipedal robots A penalty-based approach for contact forces computation in bipedal robots A Penalty-based Approach for Contact Forces Computation in Bipedal Robots}},
    year = {2009},
    author = {Rengifo, Carlos and Aoustin, Yannick and Chevallereau, Christine and Plestan, Franck and Franck, Plestan},
    pages = {10},
    url = {https://hal.science/hal-00520395v1},
    doi = {10.1109/ICHR.2009.5379590{\"{i}}}
}

@article{Newbury2024ASimulators,
    title = {{A Review of Differentiable Simulators}},
    year = {2024},
    author = {Newbury, Rhys and Collins, Jack and He, Kerry and Pan, Jiahe and Posner, Ingmar and Howard, David and Cosgun, Akansel},
    month = {7},
    url = {http://arxiv.org/abs/2407.05560},
    arxivId = {2407.05560}
}

@misc{Han2023AManipulation,
    title = {{A Survey on Deep Reinforcement Learning Algorithms for Robotic Manipulation}},
    year = {2023},
    booktitle = {Sensors},
    author = {Han, Dong and Mulyana, Beni and Stankovic, Vladimir and Cheng, Samuel},
    number = {7},
    month = {4},
    volume = {23},
    publisher = {MDPI},
    doi = {10.3390/s23073762},
    issn = {14248220},
    pmid = {37050822},
    keywords = {graph neural network, reinforcement learning, robotic manipulation}
}

@article{Xu2022AcceleratedSimulation,
    title = {{Accelerated Policy Learning with Parallel Differentiable Simulation}},
    year = {2022},
    author = {Xu, Jie and Makoviychuk, Viktor and Narang, Yashraj and Ramos, Fabio and Matusik, Wojciech and Garg, Animesh and Macklin, Miles},
    month = {4},
    url = {http://arxiv.org/abs/2204.07137},
    arxivId = {2204.07137}
}

@article{Xu2022AcceleratedSimulationb,
    title = {{Accelerated Policy Learning with Parallel Differentiable Simulation}},
    year = {2022},
    author = {Xu, Jie and Makoviychuk, Viktor and Narang, Yashraj and Ramos, Fabio and Matusik, Wojciech and Garg, Animesh and Macklin, Miles},
    month = {4},
    url = {http://arxiv.org/abs/2204.07137},
    arxivId = {2204.07137}
}

@techreport{ChapterDifferentiation,
    title = {{Chapter 2: Implicit functions and automatic differentiation}}
}

@article{Lidec2023ContactAnalysis,
    title = {{Contact Models in Robotics: a Comparative Analysis}},
    year = {2023},
    author = {Lidec, Quentin Le and Jallet, Wilson and Montaut, Louis and Laptev, Ivan and Schmid, Cordelia and Carpentier, Justin},
    month = {4},
    url = {http://arxiv.org/abs/2304.06372},
    arxivId = {2304.06372}
}

@article{Kim2024Contact-implicitTrajectories,
    title = {{Contact-implicit Model Predictive Control: Controlling diverse quadruped motions without pre-planned contact modes or trajectories}},
    year = {2024},
    journal = {International Journal of Robotics Research},
    author = {Kim, Gijeong and Kang, Dongyun and Kim, Joon Ha and Hong, Seungwoo and Park, Hae Won},
    publisher = {SAGE Publications Inc.},
    doi = {10.1177/02783649241273645},
    issn = {17413176},
    keywords = {Contact-implicit model predictive control, differential dynamic programming, multi-contact motion planning, relaxed complementarity constraint}
}

@article{Tang2024DeepSuccesses,
    title = {{Deep Reinforcement Learning for Robotics: A Survey of Real-World Successes}},
    year = {2024},
    author = {Tang, Chen and Abbatematteo, Ben and Hu, Jiaheng and Chandra, Rohan and Mart{\'{i}}n-Mart{\'{i}}n, Roberto and Stone, Peter},
    month = {8},
    url = {http://arxiv.org/abs/2408.03539},
    arxivId = {2408.03539}
}

@techreport{DegreeSimulation,
    title = {{Degree Project Management Tool (/) UG4/MInf Projects-24/25 (/ug4) Learning Optimal Actions Using Differentiable Simulation}},
    url = {https://arxiv.org/pdf/2312.08961.pdf https://arxiv.org/abs/2305.15244 http://proceedings.mlr.press/v144/ainsworth21a/ainsworth21a.pdf https://arxiv.org/abs/2204.07137 https://github.com/NVlabs/DiffRL/tree/main/dflex https://ieeexplore.ieee.org/document/6386109}
}

@article{Zhong2022DifferentiableControl,
    title = {{Differentiable Physics Simulations with Contacts: Do They Have Correct Gradients w.r.t. Position, Velocity and Control?}},
    year = {2022},
    author = {Zhong, Yaofeng Desmond and Han, Jiequn and Brikis, Georgia Olympia},
    month = {7},
    url = {http://arxiv.org/abs/2207.05060},
    arxivId = {2207.05060}
}

@article{Suh2022DoGradients,
    title = {{Do Differentiable Simulators Give Better Policy Gradients?}},
    year = {2022},
    author = {Suh, H. J. Terry and Simchowitz, Max and Zhang, Kaiqing and Tedrake, Russ},
    month = {2},
    url = {http://arxiv.org/abs/2202.00817},
    arxivId = {2202.00817}
}

@techreport{Ainsworth2021FasterGradients,
    title = {{Faster Policy Learning with Continuous-Time Gradients}},
    year = {2021},
    booktitle = {Proceedings of Machine Learning Research},
    author = {Ainsworth, Samuel and Lowrey, Kendall and Thickstun, John and Harchaoui, Zaid and Srinivasa, Siddhartha and Allen, Paul G},
    pages = {1--18},
    volume = {144},
    keywords = {differentiable physics, neural ODEs, optimal control, policy optimization, reinforcement learning}
}

@article{ForceModel,
    title = {{Force Based Contact Model}}
}

@article{Mnih2015Human-levelLearning,
    title = {{Human-level control through deep reinforcement learning}},
    year = {2015},
    journal = {Nature},
    author = {Mnih, Volodymyr and Kavukcuoglu, Koray and Silver, David and Rusu, Andrei A. and Veness, Joel and Bellemare, Marc G. and Graves, Alex and Riedmiller, Martin and Fidjeland, Andreas K. and Ostrovski, Georg and Petersen, Stig and Beattie, Charles and Sadik, Amir and Antonoglou, Ioannis and King, Helen and Kumaran, Dharshan and Wierstra, Daan and Legg, Shane and Hassabis, Demis},
    number = {7540},
    month = {2},
    pages = {529--533},
    volume = {518},
    publisher = {Nature Publishing Group},
    doi = {10.1038/nature14236},
    issn = {14764687},
    pmid = {25719670}
}

@article{Truong2023IndoorSim-to-OutdoorReal:Experience,
    title = {{IndoorSim-to-OutdoorReal: Learning to Navigate Outdoors without any Outdoor Experience}},
    year = {2023},
    author = {Truong, Joanne and Zitkovich, April and Chernova, Sonia and Batra, Dhruv and Zhang, Tingnan and Tan, Jie and Yu, Wenhao},
    month = {5},
    url = {http://arxiv.org/abs/2305.01098},
    arxivId = {2305.01098}
}

@article{OpenAI2018LearningManipulation,
    title = {{Learning Dexterous In-Hand Manipulation}},
    year = {2018},
    author = {{OpenAI} and Andrychowicz, Marcin and Baker, Bowen and Chociej, Maciek and Jozefowicz, Rafal and McGrew, Bob and Pachocki, Jakub and Petron, Arthur and Plappert, Matthias and Powell, Glenn and Ray, Alex and Schneider, Jonas and Sidor, Szymon and Tobin, Josh and Welinder, Peter and Weng, Lilian and Zaremba, Wojciech},
    month = {8},
    url = {http://arxiv.org/abs/1808.00177},
    arxivId = {1808.00177}
}

@article{Lee2020LearningTerrain,
    title = {{Learning quadrupedal locomotion over challenging terrain}},
    year = {2020},
    journal = {Science Robotics},
    author = {Lee, Joonho and Hwangbo, Jemin and Wellhausen, Lorenz and Koltun, Vladlen and Hutter, Marco},
    number = {47},
    month = {10},
    volume = {5},
    publisher = {American Association for the Advancement of Science},
    doi = {10.1126/SCIROBOTICS.ABC5986},
    issn = {24709476},
    pmid = {33087482},
    arxivId = {2010.11251}
}

@article{Schrittwieser2020MasteringModel,
    title = {{Mastering Atari, Go, chess and shogi by planning with a learned model}},
    year = {2020},
    journal = {Nature},
    author = {Schrittwieser, Julian and Antonoglou, Ioannis and Hubert, Thomas and Simonyan, Karen and Sifre, Laurent and Schmitt, Simon and Guez, Arthur and Lockhart, Edward and Hassabis, Demis and Graepel, Thore and Lillicrap, Timothy and Silver, David},
    number = {7839},
    month = {12},
    pages = {604--609},
    volume = {588},
    publisher = {Nature Research},
    doi = {10.1038/s41586-020-03051-4},
    issn = {14764687},
    pmid = {33361790},
    arxivId = {1911.08265}
}

@article{Schrittwieser2020MasteringModelb,
    title = {{Mastering Atari, Go, chess and shogi by planning with a learned model}},
    year = {2020},
    journal = {Nature},
    author = {Schrittwieser, Julian and Antonoglou, Ioannis and Hubert, Thomas and Simonyan, Karen and Sifre, Laurent and Schmitt, Simon and Guez, Arthur and Lockhart, Edward and Hassabis, Demis and Graepel, Thore and Lillicrap, Timothy and Silver, David},
    number = {7839},
    month = {12},
    pages = {604--609},
    volume = {588},
    publisher = {Nature Research},
    doi = {10.1038/s41586-020-03051-4},
    issn = {14764687},
    pmid = {33361790},
    arxivId = {1911.08265}
}

@article{Silver2016MasteringSearch,
    title = {{Mastering the game of Go with deep neural networks and tree search}},
    year = {2016},
    journal = {Nature},
    author = {Silver, David and Huang, Aja and Maddison, Chris J. and Guez, Arthur and Sifre, Laurent and Van Den Driessche, George and Schrittwieser, Julian and Antonoglou, Ioannis and Panneershelvam, Veda and Lanctot, Marc and Dieleman, Sander and Grewe, Dominik and Nham, John and Kalchbrenner, Nal and Sutskever, Ilya and Lillicrap, Timothy and Leach, Madeleine and Kavukcuoglu, Koray and Graepel, Thore and Hassabis, Demis},
    number = {7587},
    month = {1},
    pages = {484--489},
    volume = {529},
    publisher = {Nature Publishing Group},
    doi = {10.1038/nature16961},
    issn = {14764687},
    pmid = {26819042}
}

@article{Silver2016MasteringSearchb,
    title = {{Mastering the game of Go with deep neural networks and tree search}},
    year = {2016},
    journal = {Nature},
    author = {Silver, David and Huang, Aja and Maddison, Chris J. and Guez, Arthur and Sifre, Laurent and Van Den Driessche, George and Schrittwieser, Julian and Antonoglou, Ioannis and Panneershelvam, Veda and Lanctot, Marc and Dieleman, Sander and Grewe, Dominik and Nham, John and Kalchbrenner, Nal and Sutskever, Ilya and Lillicrap, Timothy and Leach, Madeleine and Kavukcuoglu, Koray and Graepel, Thore and Hassabis, Demis},
    number = {7587},
    month = {1},
    pages = {484--489},
    volume = {529},
    publisher = {Nature Publishing Group},
    doi = {10.1038/nature16961},
    issn = {14764687},
    pmid = {26819042}
}

@article{Layeghi2023NeuralControl,
    title = {{Neural Lyapunov and Optimal Control}},
    year = {2023},
    author = {Layeghi, Daniel and Tonneau, Steve and Mistry, Michael},
    month = {5},
    url = {http://arxiv.org/abs/2305.15244},
    arxivId = {2305.15244}
}

@techreport{LayeghiOptimalLearning,
    title = {{Optimal Control Theoretic Value Function Learning}},
    author = {Layeghi, Daniel}
}

@techreport{OverviewIntroduction,
    title = {{Overview Introduction}}
}

@article{Mnih2013PlayingLearning,
    title = {{Playing Atari with Deep Reinforcement Learning}},
    year = {2013},
    author = {Mnih, Volodymyr and Kavukcuoglu, Koray and Silver, David and Graves, Alex and Antonoglou, Ioannis and Wierstra, Daan and Riedmiller, Martin},
    month = {12},
    url = {http://arxiv.org/abs/1312.5602},
    arxivId = {1312.5602}
}

@article{Schulman2017ProximalAlgorithms,
    title = {{Proximal Policy Optimization Algorithms}},
    year = {2017},
    author = {Schulman, John and Wolski, Filip and Dhariwal, Prafulla and Radford, Alec and Klimov, Oleg},
    month = {7},
    url = {http://arxiv.org/abs/1707.06347},
    arxivId = {1707.06347}
}

@book{Sutton2020ReinforcementIntroduction,
    title = {{Reinforcement learning : an introduction}},
    year = {2020},
    author = {Sutton, Richard S.. and Barto, Andrew G..},
    pages = {526},
    publisher = {The MIT Press},
    isbn = {9780262039246}
}

@techreport{Kodati2022TheAnimation,
    title = {{The Linear Complimentarity Problem and its Applications in Physics Based Animation}},
    year = {2022},
    author = {Kodati, Rohan}
}

@techreport{WiedemannTrainingGradient,
    title = {{Training Efficient Controllers via Analytic Policy Gradient}},
    author = {Wiedemann, Nina and W{\"{u}}est, Valentin and Loquercio, Antonio and M{\"{u}}ller, Matthias and Floreano, Dario and Scaramuzza, Davide},
    url = {https://github.com/lis-epfl/apg_}
}